<collection xmlns="http://www.loc.gov/MARC21/slim">
<record>
  <leader>00854nam0a22002171i 450 </leader>
  <controlfield tag="001">IT\ICCU\CNCE\078811</controlfield>
  <controlfield tag="005">20141031000000.0</controlfield>
  <datafield tag="012" ind1=" " ind2=" ">
    <subfield code="a">s.t. n.8. o.8. ThTh (C) 1599 (R)</subfield>
    <subfield code="2">fei</subfield>
  </datafield>
  <datafield tag="100" ind1=" " ind2=" ">
    <subfield code="a">20141031d1599        0itac0103    ba</subfield>
  </datafield>
  <datafield tag="101" ind1=" " ind2=" ">
    <subfield code="a">LAT</subfield>
  </datafield>
  <datafield tag="102" ind1=" " ind2=" ">
    <subfield code="a">IT</subfield>
  </datafield>
  <datafield tag="200" ind1="1" ind2=" ">
    <subfield code="a">Index librorum qui Lugduno veniunt, et sunt apud Ioannem Tallinum bibliopolam in Vrbe</subfield>
  </datafield>
  <datafield tag="210" ind1=" " ind2=" ">
    <subfield code="a">Romae</subfield>
    <subfield code="c">apud Ioannem Tallinum</subfield>
    <subfield code="d">1599</subfield>
    <subfield code="e">Romae</subfield>
    <subfield code="g">apud Antonium Fachettum</subfield>
    <subfield code="h">1599</subfield>
  </datafield>
  <datafield tag="215" ind1=" " ind2=" ">
    <subfield code="a">\12! c.</subfield>
    <subfield code="d">8ʻ</subfield>
  </datafield>
  <datafield tag="620" ind1=" " ind2=" ">
    <subfield code="a">IT</subfield>
    <subfield code="d">Roma</subfield>
  </datafield>
  <datafield tag="712" ind1="0" ind2="0">
    <subfield code="a">Tallino, Giovanni</subfield>
    <subfield code="3">IT\ICCU\CNCT\006486</subfield>
    <subfield code="4">650</subfield>
  </datafield>
  <datafield tag="712" ind1="0" ind2="0">
    <subfield code="a">Facchetti, Antonio</subfield>
    <subfield code="3">IT\ICCU\CNCT\000967</subfield>
    <subfield code="4">650</subfield>
  </datafield>
  <datafield tag="791" ind1="0" ind2="0">
    <subfield code="a">Facchettus, Antonius</subfield>
    <subfield code="3">IT\ICCU\CNCT\005066</subfield>
    <subfield code="z">Facchetti, Antonio</subfield>
  </datafield>
  <datafield tag="791" ind1="0" ind2="0">
    <subfield code="a">Faqueto, Antonio</subfield>
    <subfield code="3">IT\ICCU\CNCT\005068</subfield>
    <subfield code="z">Facchetti, Antonio</subfield>
  </datafield>
  <datafield tag="801" ind1=" " ind2="3">
    <subfield code="a">IT</subfield>
    <subfield code="b">ICCU</subfield>
    <subfield code="c">20201115</subfield>
  </datafield>
  <datafield tag="899" ind1=" " ind2=" ">
    <subfield code="a">Biblioteca comunale Augusta. Perugia</subfield>
    <subfield code="1">PG0109</subfield>
    <subfield code="2">UM1 01</subfield>
  </datafield>
</record>
</collection>
